@book{newton2014newton,
  title={Newton: philosophical writings},
  author={Newton, Isaac},
  year={2014},
  publisher={Cambridge University Press}
}

@article{granqvist1976ultrafine,
  title={Ultrafine metal particles},
  author={Granqvist, CG and Buhrman, RA},
  journal={Journal of applied Physics},
  volume={47},
  number={5},
  pages={2200--2219},
  year={1976},
  publisher={American Institute of Physics}
}

@article{нагаев1992малые,
  title={Малые металлические частицы},
  author={Нагаев, Эдуард Леонович},
  journal={Успехи физических наук},
  volume={162},
  number={9},
  pages={49--124},
  year={1992}, 
  language={russian}
}